@article{Deng2005,
    author    = "Deng, X. and Stull, R.",
    title     = "A mesoscale analysis method for surface potential temperature in mountainous and coastal terrain.",
    journal   = "",
    volume   = "133",
    pages    = "p389-408",
    year      = "2005",
}

@manual{KDtrees,
	title		= "SciPy v0.14.0 Reference Guide - KD Trees",
	organization	= "Scipy Community",
	address	= "[available at]\url{http://docs.scipy.org/doc/scipy-0.14.0/reference/generated/scipy.spatial.KDTree.html}",
	year		= "2014",
}

@misc{DEMdata,
    author    = "Natural Resources Canada",
    title     = "Geospatial Data Extraction",
    howpublished = "[available at]\url{http://docs.scipy.org/doc/scipy-0.14.0/reference/generated/scipy.spatial.KDTree.html}",
}